@article{quadrobotlegs,
    author = {Zhong, Y. and Runxiao, W. and Feng, H. and Yasheng, C.},
    year = {2019},
    month = {05},
    title = {Analysis and research of quadruped robot's legs: A comprehensive review},
    volume = {16},
    journal = {International Journal of Advanced Robotic Systems},
    doi = {10.1177/1729881419844148}
}

@article{bigdog,
    author = {Raibert, M. and Blankespoor, K. and Nelson, G. and Playter, R. and Team, T.B.},
    year = {2008},
    month = {07},
    pages = {10822-10825},
    title = {Bigdog, the rough-terrain quadruped robot},
    volume = {41},
    issue = {2},
    journal = {IFAC Proceedings Volume},
    doi = {10.3182/20080706-5-KR-1001.01833}
}

@INPROCEEDINGS{mitcheetah3,
    author={G. {Bledt} and M. J. {Powell} and B. {Katz} and J. {Di Carlo} and P. M. {Wensing} and S. {Kim}},
    booktitle={2018 IEEE/RSJ International Conference on Intelligent Robots and Systems (IROS)},
    title={MIT Cheetah 3: Design and Control of a Robust, Dynamic Quadruped Robot},
    year={2018},
    volume={},
    number={},
    pages={2245-2252},
    keywords={actuators;gait analysis;legged locomotion;motion control;robot dynamics;robust control;control architecture;legged locomotion;abduction-adduction degrees;gait modification;cost of transport;CoT;proprioceptive actuation;leg design;mechanical design;dynamic quadruped robot;robust robot;MIT cheetah 3;Legged locomotion;Actuators;Torque;Force;Knee;Robot sensing systems},
    doi={10.1109/IROS.2018.8593885},
    ISSN={2153-0858},
    month={Oct}
}

@article{minicheetah,
  title={A low cost modular actuator for dynamic robots},
  author={Benjamin Katz},
  year={2018}
}

@article{lowchighp,
  title={Low Cost, High Performance Actuatorss for Dynamic Robots},
  author={Benjamin Katz},
  year={2016}
}

@article{controlhydraulic,
    author = {J. {Mattila} and J. {Koivumaki} and D. {Caldwell} and C. {Semini}},
    journal={IEEE/ASME Transactions on Mechatronics},
    title={A Survey on Control of Hydraulic Robotic Manipulators With Projection to Future Trends},
    year={2017},
    volume={22},
    number={2},
    pages={669-680},
    keywords={closed loop systems;control system synthesis;hydraulic control equipment;manipulators;motion control;nonlinear control systems;stability;multiple-degree-of-freedom hydraulic robotic manipulators;free-space motions;constrained motions;serial manipulators;parallel manipulators;maximum position tracking error;free-space control methods;stability-guaranteed nonlinear model based control designs;stable closed-loop control;hydraulic robotic systems;Manipulators;Actuators;Stability analysis;Service robots;Legged locomotion;Force control;hydraulic manipulators;motion control;performance evaluation;robotics},
    doi={10.1109/TMECH.2017.2668604},
    ISSN={1941-014X},
    month={April}
}

@article{sea,
    author={G. A. {Pratt} and M. M. {Williamson}},
    booktitle={Proceedings 1995 IEEE/RSJ International Conference on Intelligent Robots and Systems. Human Robot Interaction and Cooperative Robots},
    title={Series elastic actuators},
    year={1995},
    volume={1},
    number={},
    pages={399-406 vol.1},
    keywords={actuators;force control;robots;position control;stability criteria;stability;feedback;interface stiffness reduction;shock tolerance;reflected inertia;force control;energy storage;zero motion force bandwidth;impedance control;revolute series-elastic actuator;arms;MIT humanoid robot Cog;planetary rover;Actuators;Force control;Bandwidth;Elasticity;Control systems;Electric shock;Energy storage;Springs;Impedance;Testing},
    doi={10.1109/IROS.1995.525827},
    ISSN={null},
    month={Aug}
}

@article{anymal2,
    title={ANYmal - toward legged robots for harsh environments},
    author={Hutter, M. and Gehring, C. and Lauber, A. and Guenther, F. and Bellicoso, D. and Tsounis, V. and Fankhauser, P. and Diethelm, R. and Bachmann, S. and Bloesch, M. and Kolvenbach, H. and Bjelonic, M. and Isler, L. and Meyer, K.},
    journal={Advanced Robotics},
    year={2017},
    volume={31},
    pages={918-931}
}

@article{cheetah3actuator,
    author={P. M. {Wensing} and A. {Wang} and S. {Seok} and D. {Otten} and J. {Lang} and S. {Kim}},
    journal={IEEE Transactions on Robotics},
    title={Proprioceptive Actuator Design in the MIT Cheetah: Impact Mitigation and High-Bandwidth Physical Interaction for Dynamic Legged Robots},
    year={2017},
    volume={33},
    number={3},
    pages={509-522},
    keywords={actuators;DC motors;force control;legged locomotion;mechanoception;modal analysis;robust control;proprioceptive actuator design;high-bandwidth physical interaction;dynamic legged robots;high-speed locomotion;high torque density;dynamic physical interactions;legged machines;collocated force control;reduced leg model modal analysis;DC motor dimensional analysis;high-bandwidth force control;backdrivability;impact mitigation factor;IMF;MIT Cheetah leg;contact force control;dynamic bounding;impact-robust force-controlled operation;high-speed 3D running;high-speed 3D jumping;holistic actuation approach;Legged locomotion;Actuators;Torque;Dynamics;Force control;Measurement;Actuators;design engineering;dynamics;legged locomotion},
    doi={10.1109/TRO.2016.2640183},
    ISSN={1941-0468},
    month={June}
}

@misc{opentorque,
  author = {Levine, G.},
  title = {OpenTorque-Actuator},
  year = {2019},
  publisher = {GitHub},
  journal = {GitHub repository},
  howpublished = "\url{https://github.com/G-Levine/OpenTorque-Actuator}"
}

@INPROCEEDINGS{designprinciples,
    author={S. {Seok} and A. {Wang} and {Meng Yee Chuah} and D. {Otten} and J. {Lang} and S. {Kim}},
    booktitle={2013 IEEE International Conference on Robotics and Automation},
    title={Design principles for highly efficient quadrupeds and implementation on the MIT Cheetah robot},
    year={2013},
    volume={},
    number={},
    pages={3307-3312},
    keywords={biomimetics;control system synthesis;legged locomotion;robot dynamics;design principles;highly efficient quadrupeds;MIT Cheetah robot;highly efficient legged robots;energy loss mode;locomotion;heat loss;actuators;interaction loss;loss minimization;high torque density motors;low impedance transmission;energy regenerative electronics;design architecture;leg inertia minimization;design feature;cost of transport;COT;running animals;Brushless motors;Torque;Legged locomotion;Permanent magnet motors;Synchronous motors;Actuators},
    doi={10.1109/ICRA.2013.6631038},
    ISSN={1050-4729},
    month={May}
}

@article{quadrunningrobot,
author = {Raibert, M. and Brown, B. and Chepponis, M. and Koechling, J. and Hodgins, J.},
year = {1989},
month = {09},
pages = {207},
title = {Dynamically Stable Legged Locomotion}
}

@article{scoutii,
  title={Modeling and Experiments of Untethered Quadrupedal Running with a Bounding Gait: The Scout II Robot},
  author={Poulakakis, I. and Smith, J.A and Buehler, M.},
  journal={I. J. Robotics Res.},
  year={2005},
  volume={24},
  pages={239-256}
}

@article{titanxiii,
  title={TITAN-XIII: sprawling-type quadruped robot with ability of fast and energy-efficient walking},
  author={Kitano, S. and Hirose, S. and Horigome, A. and Endo, G.},
  journal={ROBOMECH Journal},
  year={2016},
  volume={3},
  pages={1-16}
}

@article{hyq2max,
    author={C. {Semini} and V. {Barasuol} and J. {Goldsmith} and M. {Frigerio} and M. {Focchi} and Y. {Gao} and D. G. {Caldwell}},
    journal={IEEE/ASME Transactions on Mechatronics},
    title={Design of the Hydraulically Actuated, Torque-Controlled Quadruped Robot HyQ2Max},
    year={2017},
    volume={22},
    number={2},
    pages={635-646},
    keywords={hydraulic actuators;legged locomotion;motion control;robot kinematics;torque control;hydraulically actuated robot;torque-controlled quadruped robot design;HyQ2Max;HyQ robot;locomotion skills;self-righting capability;robot actuation system;joint actuator sizing;robot motion;agile rough terrain robot;terrain trotting;stair climbing motion;push recovery motion;hydraulic actuator types;four-bar linkage parameters;valve size;terrain crawling;hydraulic cylinder parameters;robot kinematics;Legged locomotion;Actuators;Couplings;Vehicle dynamics;Biological system modeling;Mechatronics;Hydraulic actuation;HyQ2Max;legged locomotion;quadruped robot design},
    doi={10.1109/TMECH.2016.2616284},
    ISSN={1941-014X},
    month={April}
}

@article{hyq,
    title = {Design of HyQ - a Hydraulically and Electrically Actuated Quadrupedal Robot},
    author = {Semini, C. and Tsagarakis, N. and Guglielmino, E. and Focchi, M. and Cannella, F. and Caldwell, D.},
    year = {2011}
}

@article{minihyq,
    author={H. {Khan} and S. {Kitano} and M. {Frigerio} and M. {Camurri} and V. {Barasuol} and R. {Featherstone} and D. G. {Caldwell} and C. {Semini}},
    booktitle={2015 IEEE International Conference on Technologies for Practical Robot Applications (TePRA)},
    title={Development of the lightweight hydraulic quadruped robot - MiniHyQ},
    year={2015},
    pages={1-6},
    keywords={hydraulic actuators;legged locomotion;torque control;lightweight hydraulic quadruped robot;torque controlled robot;reconfigurable leg configuration;compact power pack;link segment;flex configuration;isogram knee joint mechanism;hydraulic actuator;hydraulic rotary actuator;hip actuator;linear actuator;isogram mechanism;self-righting motion;design validation;hardware testing;MiniHyQ single leg;Joints;Torque;Knee;Actuators;Legged locomotion;Robot sensing systems},
    doi={10.1109/TePRA.2015.7219671},
    ISSN={2325-0526},
    month={May}
}

@INPROCEEDINGS{anymal,
    author={M. {Hutter} and C. {Gehring} and D. {Jud} and A. {Lauber} and C. D. {Bellicoso} and V. {Tsounis} and J. {Hwangbo} and K. {Bodie} and P. {Fankhauser} and M. {Bloesch} and R. {Diethelm} and S. {Bachmann} and A. {Melzer} and M. {Hoepflinger}},
    booktitle={2016 IEEE/RSJ International Conference on Intelligent Robots and Systems (IROS)},
    title={ANYmal - a highly mobile and dynamic quadrupedal robot},
    year={2016},
    volume={},
    number={},
    pages={38-44},
    keywords={legged locomotion;robot dynamics;robust control;torque control;ANYmal;mobile quadrupedal robot;dynamic quadrupedal robot;dynamic motion capability;robotic dog;torque control bandwidth;high disturbance rejection capability;robustness;Legged locomotion;Torque;Actuators;Robot sensing systems;Dynamics},
    doi={10.1109/IROS.2016.7758092},
    ISSN={2153-0866},
    month={Oct}
}

@article{cheetah,
    author={P. M. {Wensing} and A. {Wang} and S. {Seok} and D. {Otten} and J. {Lang} and S. {Kim}},
    journal={IEEE Transactions on Robotics},
    title={Proprioceptive Actuator Design in the MIT Cheetah: Impact Mitigation and High-Bandwidth Physical Interaction for Dynamic Legged Robots},
    year={2017},
    volume={33},
    number={3},
    pages={509-522},
    keywords={actuators;DC motors;force control;legged locomotion;mechanoception;modal analysis;robust control;proprioceptive actuator design;high-bandwidth physical interaction;dynamic legged robots;high-speed locomotion;high torque density;dynamic physical interactions;legged machines;collocated force control;reduced leg model modal analysis;DC motor dimensional analysis;high-bandwidth force control;backdrivability;impact mitigation factor;IMF;MIT Cheetah leg;contact force control;dynamic bounding;impact-robust force-controlled operation;high-speed 3D running;high-speed 3D jumping;holistic actuation approach;Legged locomotion;Actuators;Torque;Dynamics;Force control;Measurement;Actuators;design engineering;dynamics;legged locomotion},
    doi={10.1109/TRO.2016.2640183},
    ISSN={1941-0468},
    month={June}
}

@article{pla-composites,
  title={Mechanical Characteristics of Wood, Ceramic, Metal, and Carbon Fiber-based PLA Composites Fabricated by FDM},
  author={Liu, Z. and Lei, Q. and Xing, S.},
  journal={Journal of Materials Research and Technology},
  year={2019},
  volume={8},
  issue = {5},
  pages={3741-3751}
}

@article{plaabships,
    author = {Kumar, R. and Singh, R. and Farina, ICRA.},
    year = {2018},
    month = {10},
    pages = {},
    title = {On the 3D printing of recycled ABS, PLA and HIPS thermoplastics for structural applications},
    volume = {2},
    journal = {PSU Research Review},
    doi = {10.1108/PRR-07-2018-0018}
}

@article{petg,
author = {Devsingh, D.},
year = {2018},
month = {05},
pages = {},
title = {Characterization of Additive Manufactured PETG and Carbon Fiber-PETG},
volume = {4},
doi = {10.18231/2454-9150.2018.0139}
}

@manual{tpla,
    organization = "Guangzhou Popbit 3D Technology Co.",
    title = "T-PLA Technical Data Sheet"
}

@manual{tabs,
    organization = "Guangzhou Popbit 3D Technology Co.",
    title = "T-ABS Technical Data Sheet"
}

@article{balancecontroller,
author = {Focchi, M. and Prete, A. and Havoutis, I. and Featherstone, R. and Caldwell, D. and Semini, C.},
year = {2015},
month = {03},
pages = {},
title = {High-slope Terrain Locomotion for Torque-Controlled Quadruped Robots},
volume = {41},
journal = {Autonomous Robots},
doi = {10.1007/s10514-016-9573-1}
}

@misc{an1292,
    author = {Cheles, M.},
    title = {Sensorless Field Oriented Control (FOC) for a Permanent Magnet Synchronous Motor (PMSM) Using a PLL Estimator and Field Weakening (FW)},
    year = {2011},
    month = {6},
    day = {30},
    howpublished = "\url{https://www.microchip.com/wwwAppNotes/AppNotes.aspx?appnote=en544825}"
}